@book{hastie2009elements,
    title={The Elements of Statistical Learning: Data Mining, Inference, and Prediction},
    author={Hastie, Trevor and Tibshirani, Robert and Friedman, Jerome},
    year={2009},
    series = {Springer Series in Statistics},
    publisher={Springer}
}

@book{james2013introduction,
  author    = {James, Gareth and Witten, Daniela and Hastie, Trevor and Tibshirani, Robert and Tibshirani, Robert and Hastie, Trevor and Witten, Daniela},
  title     = {An Introduction to Statistical Learning: with Applications in R},
  edition   = {1st},
  volume    = {103},
  publisher = {Springer Nature},
  year      = {2013},
  doi       = {10.1007/978-1-4614-7138-7},
  url       = {https://doi.org/10.1007/978-1-4614-7138-7}
}

@misc{raschka2020ci_simulation,
  author    = {Sebastian Raschka},
  title     = {CI simulation with repeated measures},
  year      = {2020},
  url       = {https://github.com/rasbt/machine-learning-notes/blob/8c8e867930d000131e463a00c864ce42e8661cad/evaluation/ci-for-ml/ci-simulation-repeated.ipynb},
  note      = {Accessed: 2024-12-13},
}
@article{lecun2015deep,
  title={Deep learning},
  author={LeCun, Yann and Bengio, Yoshua and Hinton, Geoffrey},
  journal={Nature},
  volume={521},
  number={7553},
  pages={436--444},
  year={2015},
  publisher={Nature Publishing Group}
}

@article{krizhevsky2012imagenet,
  title={ImageNet Classification with Deep Convolutional Neural Networks},
  author={Krizhevsky, Alex and Sutskever, Ilya and Hinton, Geoffrey E.},
  booktitle={Communications of the ACM},
  volume={60},
  number={6},
  pages={84--90},
  year={2017},  
  note={Originally published at NIPS 2012}
}

@article{he2016deep,
  title={Deep Residual Learning for Image Recognition},
  author={He, Kaiming and Zhang, Xiangyu and Ren, Shaoqing and Sun, Jian},
  booktitle={Proceedings of the IEEE Conference on Computer Vision and Pattern Recognition (CVPR)},
  pages={770--778},
  year={2016}
}

@article{lecun1998gradient,
  title={Gradient-based learning applied to document recognition},
  author={LeCun, Yann and Bottou, L{\'e}on and Bengio, Yoshua and Haffner, Patrick},
  journal={Proceedings of the IEEE},
  volume={86},
  number={11},
  pages={2278--2324},
  year={1998},
  publisher={IEEE}
}

@book{raschka2022machine,
  title={Machine Learning with PyTorch and Scikit-Learn: Develop machine learning and deep learning models with Python},
  author={Raschka, Sebastian and Liu, Yuxi (Hayden) and Mirjalili, Vahid},
  year={2022},
  publisher={Packt Publishing},
  isbn={978-1801819312},
  url={https://www.amazon.com/Machine-Learning-PyTorch-Scikit-Learn-learning-ebook/dp/B09NW48MR1}
}
```

@article{harris2020numpy,
  title={Array programming with {NumPy}},
  author={Harris, Charles R and Millman, K Jarrod and van der Walt, St{\'e}fan J and Gommers, Ralf and Virtanen, Pauli and Cournapeau, David and Wieser, Eric and Taylor, Julian and Berg, Sebastian and Smith, Nathaniel J and others},
  journal={Nature},
  volume={585},
  number={7825},
  pages={357--362},
  year={2020},
  publisher={Nature Publishing Group},
  doi={10.1038/s41586-020-2649-2}
}

@misc{Hjorth-Jensen_MachineLearning_2023,
  author       = {Hjorth-Jensen, Morten},
  title        = {Machine Learning Lecture Notes},
  year         = {2023},
  howpublished = {\url{https://github.com/CompPhysics/MachineLearning/tree/master/doc/pub}},
  note         = {GitHub repository},
  urldate      = {2024-10-02},
}

@article{hunter-2007matplotlib,
	author = {Hunter, John D},
	journal = {Computing in Science and Engineering},
	month = {1},
	number = {3},
	pages = {90--95},
	title = {{MatPlotLib: a 2D Graphics environment}},
	volume = {9},
	year = {2007},
	url = {https://doi.org/10.1109/mcse.2007.55},
        
}

@misc{github_copilot,
  author       = {{GitHub}},
  title        = {{GitHub Copilot}},
  year         = {2023},
  howpublished = {\url{https://github.com/features/copilot}},
  note         = {Accessed: October 2, 2024}
}

@misc{bore2023fysstk4155project1,
  author       = {Bore, Iris},
  title        = {{FYS-STK4155 Project 1}},
  howpublished = {\url{https://github.com/irisbore/FYS-STK4155\_project1}},
  year         = {2023},
}

@misc{openai2023chatgpt,
  author = {OpenAI},
  title = {ChatGPT: OpenAI Language Model},
  year = {2023},
  howpublished = {\url{https://openai.com/chatgpt}},
  note = {Accessed: 2024-09-22, 27-09-22}
}

@inproceedings{Paszke2019,
  title     = {{PyTorch}: An Imperative Style, High-Performance Deep Learning Library},
  author    = {Paszke, Adam and Gross, Sam and Massa, Francisco and Lerer, Adam and Bradbury, James and Chanan, Gregory and Killeen, Trevor and Lin, Zeming and Gimelshein, Natalia and Antiga, Luca and Desmaison, Alban and Kopf, Andreas and Yang, Edward and DeVito, Zachary and Raison, Martin and Tejani, Alykhan and Chilamkurthy, Sasank and Steiner, Benoit and Fang, Lu and Bai, Junjie and Chintala, Soumith},
  booktitle = {Advances in Neural Information Processing Systems},
  volume    = {32},
  pages     = {8024--8035},
  year      = {2019},
  url       = {https://proceedings.neurips.cc/paper/9015-pytorch-an-imperative-style-high-performance-deep-learning-library},
}

@article{scikit-learn,
    author = {
        Pedregosa, F. and
        Varoquaux, G. and
        Gramfort, A. and
        Michel, V. and
        Thirion, B. and
        Grisel, O. and
        Blondel, M. and
        Prettenhofer, P. and
        Weiss, R. and
        Dubourg, V. and
        Vanderplas, J. and
        Passos, A. and
        Cournapeau, D. and
        Brucher, M. and
        Perrot, M. and
        Duchesnay, E.
    },
    title = {Scikit-learn: Machine Learning in Python},
    journal = {Journal of Machine Learning Research},
    volume = {12},
    pages = {2825--2830},
    year = {2011}
}

@misc{pytorch_cifar10_tutorial,
  title        = {Training a Classifier},
  author       = {{PyTorch Tutorials}},
  howpublished = {\url{https://pytorch.org/tutorials/beginner/blitz/cifar10_tutorial.html}},
  note         = {Accessed: 2024-12-07}
}

@misc{anthropic_claude_3_5_sonnet,
  author       = {Anthropic},
  title        = {Claude 3.5 Sonnet},
  howpublished = {\url{https://www.anthropic.com/news/claude-3-5-sonnet}},
  note         = {Accessed: 2024-12-07}
}

@misc{codeium_windsurf,
  author       = {Codeium},
  title        = {Windsurf},
  howpublished = {\url{https://codeium.com/windsurf}},
  note         = {Accessed: 2024-12-07}
}

@article{K-foldCrossValidation,
    author = {Gautama Putrada, Aji and Alamsyah, Nur and Fauzan, Muhamad and Pane, Syafrial Fachri},
    year = {2023},
    month = {05},
    pages = {11},
    title = {NS-SVM: Bolstering Chicken Egg Harvesting Prediction with Normalization and Standardization},
    volume = {11},
    journal = {JUITA : Jurnal Informatika},
    doi = {10.30595/juita.v11i1.15140}
}

@misc{activation_functions,
    author = {Zimmermann, Philipp},
    year = {2024},
    month = {01},
    title = {Most commonly used Activation Functions},
    howpublished = {\url{https://hacking-and-security.cc/most-commonly-used-activation-functions/}}
}

@article{simard2003mnist,
  title={Best practices for convolutional neural networks applied to visual document analysis},
  author={Simard, Patrice Y. and Steinkraus, David and Platt, John C.},
  journal={Proceedings of the Seventh International Conference on Document Analysis and Recognition},
  pages={958--963},
  year={2003},
  publisher={IEEE Computer Society},
  url={https://cognitivemedium.com/assets/rmnist/Simard.pdf}
}

@article{lecun1998gradient,
  title={Gradient-based learning applied to document recognition},
  author={LeCun, Yann and Bottou, L{\\'e}on and Bengio, Yoshua and Haffner, Patrick},
  journal={Proceedings of the IEEE},
  volume={86},
  number={11},
  pages={2278--2324},
  year={1998},
  publisher={IEEE},
  url={http://vision.stanford.edu/cs598_spring07/papers/Lecun98.pdf}
}
